<record><leader>01628cam a2200433 i 4500</leader><controlfield tag="001">6775972</controlfield><controlfield tag="003">OCoLC</controlfield><controlfield tag="005">20150102105722.0</controlfield><controlfield tag="008">140908s2015    mdu      b    001 0 eng  </controlfield><datafield ind1=" " ind2=" " tag="010"><subfield code="a">  2014029231</subfield></datafield><datafield ind1=" " ind2=" " tag="020"><subfield code="a">9781442214248 (cloth : alk. paper)</subfield></datafield><datafield ind1=" " ind2=" " tag="020"><subfield code="a">1442214244 (cloth : alk. paper)</subfield></datafield><datafield ind1=" " ind2=" " tag="020"><subfield code="z">9781442214262 (electronic)</subfield></datafield><datafield ind1="8" ind2=" " tag="024"><subfield code="a">40024292404</subfield></datafield><datafield ind1=" " ind2=" " tag="040"><subfield code="a">DLC</subfield><subfield code="e">rda</subfield><subfield code="b">eng</subfield><subfield code="c">DLC</subfield><subfield code="d">YDX</subfield><subfield code="d">YDXCP</subfield><subfield code="d">LEV</subfield><subfield code="d">OCLCO</subfield><subfield code="d">YUS</subfield><subfield code="d">UAB</subfield></datafield><datafield ind1=" " ind2=" " tag="042"><subfield code="a">pcc</subfield></datafield><datafield ind1=" " ind2=" " tag="043"><subfield code="a">n-us---</subfield></datafield><datafield ind1="0" ind2="0" tag="050"><subfield code="a">HN90.E4</subfield><subfield code="b">S43 2015</subfield></datafield><datafield ind1="0" ind2="0" tag="082"><subfield code="a">305.5/20973</subfield><subfield code="2">23</subfield></datafield><datafield ind1=" " ind2=" " tag="090"><subfield code="a">HN 90 E4 S43 2015</subfield><subfield code="b">AEU</subfield></datafield><datafield ind1="1" ind2=" " tag="100"><subfield code="a">Scott, Peter Dale,</subfield><subfield code="e">author.</subfield></datafield><datafield ind1="1" ind2="4" tag="245"><subfield code="a">The American deep state :</subfield><subfield code="b">Wall Street, big oil, and the attack on U.S. democracy /</subfield><subfield code="c">Peter Dale Scott.</subfield></datafield><datafield ind1=" " ind2="1" tag="264"><subfield code="a">Lanham ;</subfield><subfield code="a">Boulder ;</subfield><subfield code="a">New York ;</subfield><subfield code="a">London :</subfield><subfield code="b">Rowman &amp; Littlefield,</subfield><subfield code="c">[2015]</subfield></datafield><datafield ind1=" " ind2=" " tag="300"><subfield code="a">x, 320 pages ;</subfield><subfield code="c">24 cm.</subfield></datafield><datafield ind1=" " ind2=" " tag="336"><subfield code="a">text</subfield><subfield code="b">txt</subfield><subfield code="2">rdacontent</subfield></datafield><datafield ind1=" " ind2=" " tag="337"><subfield code="a">unmediated</subfield><subfield code="b">n</subfield><subfield code="2">rdamedia</subfield></datafield><datafield ind1=" " ind2=" " tag="338"><subfield code="a">volume</subfield><subfield code="b">nc</subfield><subfield code="2">rdacarrier</subfield></datafield><datafield ind1="1" ind2=" " tag="490"><subfield code="a">War and peace library</subfield></datafield><datafield ind1=" " ind2=" " tag="504"><subfield code="a">Includes bibliographical references (pages 277-282) and index.</subfield></datafield><datafield ind1=" " ind2=" " tag="596"><subfield code="a">43</subfield></datafield><datafield ind1=" " ind2="0" tag="650"><subfield code="a">Elite (Social sciences)</subfield><subfield code="z">United States.</subfield></datafield><datafield ind1=" " ind2="0" tag="650"><subfield code="a">Power (Social sciences)</subfield><subfield code="z">United States.</subfield></datafield><datafield ind1=" " ind2="0" tag="650"><subfield code="a">Pressure groups</subfield><subfield code="z">United States.</subfield></datafield><datafield ind1=" " ind2="0" tag="650"><subfield code="a">Conspiracy</subfield><subfield code="z">United States.</subfield></datafield><datafield ind1=" " ind2="0" tag="650"><subfield code="a">Democracy</subfield><subfield code="z">United States.</subfield></datafield><datafield ind1=" " ind2="0" tag="651"><subfield code="a">Wall Street (New York, N.Y.)</subfield></datafield><datafield ind1=" " ind2="0" tag="830"><subfield code="a">War and peace library.</subfield></datafield><datafield ind1=" " ind2=" " tag="949"><subfield code="a">HN 90 E4 S43 2015</subfield><subfield code="c">1</subfield><subfield code="h">UAHS-B</subfield><subfield code="i">0162035218625</subfield></datafield><datafield ind1=" " ind2=" " tag="926"><subfield code="a">HN 90 E4 S43 2015</subfield><subfield code="w">LC</subfield><subfield code="c">1</subfield><subfield code="i">0162035218625</subfield><subfield code="d">11/29/2016</subfield><subfield code="e">10/18/2016</subfield><subfield code="l">ON_SHELF</subfield><subfield code="m">UAHSS</subfield><subfield code="n">3</subfield><subfield code="p">$150.00</subfield><subfield code="r">Y</subfield><subfield code="s">Y</subfield><subfield code="t">BOOK</subfield><subfield code="u">1/14/2015</subfield></datafield></record>